@article{BufferStockTheory,
  author =        {Christopher D. Carroll},
  journal =       {Forthcoming, \emph{Quantitative Economics}},
  note =          {Available at \url{http://econ.jhu.edu/people/ccarroll/papers/BufferStockTheory}},
  title =         {Theoretical Foundations of Buffer Stock Saving},
  year =          {2020},
  url =           {http://econ.jhu.edu/people/ccarroll/papers/BufferStockTheory.pdf},
}

