@article{blanchard2019public,
  title={Public debt and low interest rates},
  author={Blanchard, Olivier},
  journal={American Economic Review},
  volume={109},
  number={4},
  pages={1197--1229},
  year={2019}
}