@techreport{BufferStockTheory,
  author =        {Christopher D. Carroll},
  journal =       {Manuscript, Department of Economics, Johns Hopkins University},
  note =          {Available at \url{http://econ.jhu.edu/people/ccarroll/papers/BufferStockTheory}},
  title =         {Theoretical Foundations of Buffer Stock Saving},
  year =          {2019},
  url =           {http://econ.jhu.edu/people/ccarroll/papers/BufferStockTheory.pdf},
  institution = {Department of Economics, Johns Hopkins University},
  type = {manuscript}
}

