@article{carroll2018econ,
  title={The Econ-ARK and HARK: Open Source Tools for Computational Economics},
  author={Carroll, Christopher D and Kaufman, Alexander M and Kazil, Jacqueline L and Palmer, Nathan M and White, Matthew N},
  year={2018}
}