@ARTICLE{chkLiqConstr,
  author =	 {Carroll, Christopher D. and Martin Holm and Miles S. Kimball},
  title =	 {Liquidity Constraints and Precautionary Saving},
  journal =	 {\href{http://www.econ2.jhu.edu/people/ccarroll/papers/LiqConstr}{Manuscript, Johns Hopkins University}},
  year =	 2019,
  note =         {\url{http://www.econ2.jhu.edu/people/ccarroll/papers/LiqConstr}},
  url =          {http://econ.jhu.edu/people/ccarroll/papers/LiqConstr}
}
